@manual{qemu(1),
 title      = "qemu(1) QEMU Emulator User Documentation",
 author        = "Fabrice Bellard",
 year       = "2016",
 month      = "February",
}

@misc{lkml,
	author = "Stephan Mueller",
	howpublished="LKML Mailing List",
	date={2016-04},
	url={https://lkml.org/lkml/2016/4/21/144}
}
