@book{1_love_2010,
author={Love, Robert},
title={Linux kernel development},
place={Indianapolis, Ind.},
edition={3},
publisher={Novell Press},
year={2010}
},

@book{2_russinovich_solomon_ionescu_2012,
author={Russinovich, Mark E and Solomon, David A and Ionescu, Alex},
title={Windows internals},
place={Redmond, Washington},
edition={16},
publisher={Microsoft},
year={2012}
},

@book{3_mckusick_neville-neil_watson_2015,
author={McKusick, Marshall Kirk and Neville-Neil, George V and Watson, Robert N.M},
title={The design and implementation of the FreeBSD operating system},
place={Boston},
edition={2},
publisher={Addison-Wesley},
year={2015}
},

@book{freebsd_2016,
author={FreeBSD Developers},
title={The FreeBSD Kernel},
year={2016}
},


@book{4_kronquist_2016,
author={Kronquist, Ian},
title={Kernel of Truth},
year={2016}
},

@book{5_torvalds_2016,
author={Torvalds, Linus},
title={The Linux Kernel},
year={2016}
}
