@book{1_intel,
title="Intel 64 and IA-32 Architectures Software Developer's Manual 2014",
publisher={Intel Corporation},
volume="2A",
year={2014},
pages={3-164}
},

@book{2_intel,
title="Intel 64 and IA-32 Architectures Software Developer's Manual 2014",
publisher={Intel Corporation},
volume="2B",
year={2014},
pages={4-297}
}

@manual{qemu(1),
 title      = "qemu(1) QEMU Emulator User Documentation",
 author        = "Fabrice Bellard",
 year       = "2016",
 month      = "February",
}
