@misc{1_patterson_corbet_2010,
	author={Patterson, Pat and Corbet, Jonathan},
	title={A Simple Block Driver for Linux Kernel 2.6.31 Â´ Superpatterns},
	url={http://blog.superpat.com/2010/05/04/a-simple-block-driver-for-linux-kernel-2-6-31/},
	urldate={2016-4-6},
	journal={Superpatterns},
	year={2010}
},

@book{2_morris_xu_miller_2016,
	author={Morris, James and Xu, Herbert and Miller, David},
	title={Scatterlist Cryptographic API},
	year={2016}
}
