@book{1_love_2010,
author={Love, Robert},
title={Linux kernel development},
place={Indianapolis, Ind.},
edition={3},
publisher={Novell Press},
year={2010}
},

@book{2_russinovich_solomon_ionescu_2012,
author={Russinovich, Mark E and Solomon, David A and Ionescu, Alex},
title={Windows internals},
place={Redmond, Washington},
edition={16},
publisher={Microsoft},
year={2012}
},

@book{3_mckusick_neville-neil_watson_2015,
author={McKusick, Marshall Kirk and Neville-Neil, George V and Watson, Robert N.M},
title={The design and implementation of the FreeBSD operating system},
place={Boston},
edition={2},
publisher={Addison-Wesley},
year={2015}
},

@book{4_kronquist_2016,
author={Kronquist, Ian},
title={Kernel of Truth},
year={2016}
},

@misc{lkml-row-patch,
author={Brokhman, Tatyana},
title={[RFC/PATCH 2/2] block: Adding ROW scheduling algorithm},
year={2012}
},

@article{netflix-sched,
	author={Losh, M. Warner},
	title={I/O Scheduling in FreeBSD's CAM Subsystem},
	year={2015}
},

@article{ext4-perf,
	author={Borislov Djordjeic and Valentina Timcenko},
	title={Ext4 file system in Linux Environment: Features and Performance Analysis},
	year={2012}
},


@misc{lkml-row-patch-rejection,
author={Moyer, Jeff},
title={Re: [PATCH/RESEND v6 3/3] block: Adding ROW scheduling algorithm},
year={2013}
},

@book{5_torvalds_2016,
author={Torvalds, Linus},
title={The Linux Kernel},
year={2016}
},

@online{windows-kernel-rant,
    author    = "Bevand, Marc",
    title     = "'I Contribute to the Windows Kernel. We Are Slower Than Other Operating Systems. Here Is Why.'",
    url       = "http://blog.zorinaq.com/?e=74",
}
